<?xml version="1.0" encoding="UTF-8"?><collection xmlns="http://www.loc.gov/MARC21/slim"><record><leader>00687nam--2200229-u-4500</leader><controlfield tag="001">000050698</controlfield><controlfield tag="002">20161230</controlfield><controlfield tag="005">20161230201048</controlfield><controlfield tag="008">080314s1000------------r-----000-0-eng-d</controlfield><datafield ind1=" " ind2=" " tag="020"><subfield code="a">0198501897</subfield></datafield><datafield ind1=" " ind2=" " tag="040"><subfield code="a">IFIN-HH</subfield></datafield><datafield ind1=" " ind2=" " tag="080"><subfield code="a">548.7:543.44</subfield></datafield><datafield ind1="1" ind2=" " tag="100"><subfield code="a">Snyder, Robert L</subfield></datafield><datafield ind1="1" ind2="0" tag="245"><subfield code="a">Deffect and Microstructure Analysis by Diffraction</subfield><subfield code="c">Robert L. Snyder; Jaroslav Fiala; Hans J. Bunge</subfield></datafield><datafield ind1=" " ind2=" " tag="260"><subfield code="a">Oxford</subfield><subfield code="b">University Press</subfield><subfield code="c">1999</subfield></datafield><datafield ind1=" " ind2=" " tag="300"><subfield code="a">785</subfield></datafield><datafield ind1=" " ind2=" " tag="490"><subfield code="a">IUCR Monographs on Crystallography</subfield><subfield code="v">vol. 10</subfield></datafield><datafield ind1=" " ind2=" " tag="504"><subfield code="a">Includes Index</subfield></datafield><datafield ind1=" " ind2="4" tag="650"><subfield code="a">Fundamentals of Defect Analysis by Diffraction</subfield></datafield><datafield ind1="1" ind2=" " tag="700"><subfield code="a">Bunge, Hans J</subfield></datafield><datafield ind1=" " ind2=" " tag="852"><subfield code="c">548</subfield></datafield><datafield ind1=" " ind2=" " tag="CAT"><subfield code="a">Sys</subfield><subfield code="c">20110407</subfield><subfield code="h">142942</subfield></datafield></record></collection>